%%%%%%%%%%%%%%%%%%%%%%%%%%%%%%%%%%%%%%%%
@string{NBIS = "\href{https://nbis.se}{NBIS - {N}ational {B}io{I}nfrastructure {S}weden}" }
@string{CSC = "\href{https://www.csc.fi}{CSC - {IT} {C}enter for {S}cience}" }
@string{SciLifeLab = "\href{http://scilifelab.se}{{S}ci{L}ife{L}ab}" }
@string{PDC = "\href{https://www.pdc.kth.se}{PDC - {C}enter for {H}igh {P}erformance {C}omputing, KTH, Sweden}" }

%%%%%%%%%%%%%%%%%%%%%%%%%%%%%%%%%%%%%%%%

@MISC{tryggve,
    author  = {\href{https://neic.no}{NeIC} and {{E}lixir nodes in {D}enmark, {F}inland, {N}orway and {S}weden}},
    title   = {The Tryggve project},
    note    = {\url{https://wiki.neic.no/Tryggve}},
    year    = {2014},
}

@MISC{mosler,
    author  = NBIS,
    title   = {The {M}osler secure computing environment},
    note    = {\url{https://nbis.se/infrastructure/mosler.html}},
    year    = {2015},
}
%% note = "[Online; accessed 19-July-2008]"

@MISC{epouta,
    author  = CSC,
    title   = {e{P}outa {I}aaS {C}loud},
    note    = {\url{https://research.csc.fi/epouta}},
    year    = {2015},
}

@MISC{caw,
    author  = SciLifeLab,
    title   = {{C}ancer {A}nalysis {W}orkflow},
    note    = {\url{https://github.com/SciLifeLab/CAW}},
    year    = {2016},
}

@MISC{wgs,
    author  = NBIS,
    title   = {{W}hole {G}enome {S}equencing {S}tructural {V}ariation {P}ipeline},
    note    = {\url{https://github.com/NBISweden/wgs-structvar}},
    year    = {2016},
}

@MISC{sob,
    author  = PDC,
    title   = {{SOB}},
    note    = {\url{https://www.pdc.kth.se/~pek/sob}},
    year    = {2004},
}

@MISC{iperf,
    author  = {\href{https://www.es.net}{{ES}net} / \href{https://www.lbl.gov}{{L}awrence {B}erkeley {N}ational {L}aboratory}},
    title   = {i{P}erf3 - The ultimate speed test tool for {TCP}, {UDP} and {SCTP}},
    note    = {\url{https://iperf.fr}},
    year    = {2014},
}

@MISC{nbis-knox-epouta,
    author  = NBIS,
    title   = {{K}nox-e{P}outa - {NBIS} {G}itHub repository},
    note    = {\url{https://github.com/NBISweden/Knox-ePouta}},
    year    = {2016},
}

@MISC{slurm,
    author  = {\href{https://www.schedmd.com}{{S}ched{MD}}},
    title   = {{S}lurm - {W}orkload {M}anager software},
    note    = {\url{https://slurm.schedmd.com}},
    year    = {2003},
}

@MISC{nextflow,
    author  = {{C}omparative {B}ioinformatics group at the {B}arcelona \href{http://www.crg.eu}{{C}enter for {G}enomic {R}egulation}},
    title   = {Nextflow},
    note    = {\url{https://www.nextflow.io/}},
    year    = {2016},
}

